<?xml version="1.0" encoding="UTF-8"?><record xmlns="http://www.loc.gov/MARC21/slim" xmlns:cinclude="http://apache.org/cocoon/include/1.0" xmlns:zs="http://www.loc.gov/zing/srw/">
  <leader>00426nz  a2200121n  4500</leader>
  <controlfield tag="001">n 2011051534</controlfield>
  <controlfield tag="003">DLC</controlfield>
  <controlfield tag="005">20110802101341.0</controlfield>
  <controlfield tag="008">110801n| acannaabn          |n aaa      </controlfield>
  <datafield tag="010" ind1=" " ind2=" ">
    <subfield code="a">n 2011051534</subfield>
  </datafield>
  <datafield tag="040" ind1=" " ind2=" ">
    <subfield code="a">DLC</subfield>
    <subfield code="b">eng</subfield>
    <subfield code="c">DLC</subfield>
  </datafield>
  <datafield tag="100" ind1="1" ind2=" ">
    <subfield code="a">Güngör, Talip</subfield>
  </datafield>
  <datafield tag="670" ind1=" " ind2=" ">
    <subfield code="a">Field guide to Samos and the Menderes massif, c2011:</subfield>
    <subfield code="b">ECIP t.p. (Talip Güngör) data view (Dept. of Geological Engineering, Dokuz Eylül University, Izmir, Turkey)</subfield>
  </datafield>
</record>